@misc{reference1,
  author = {W3Schools},
  howpublished =  {\href{https://www.w3schools.com/js/js_objects.asp}{Javascripts objects}}
}

@misc{reference2,
  author = {W3Schools},
  howpublished = {\href{https://www.w3schools.com/js/js_htmldom_html.asp}{Properties of HTML tags in javascript}}
}

@misc{reference3,
  author = {JavaTpoint},
  howpublished = {\href{https://www.javatpoint.com/javascript-addeventlistener}{EventListner function}}
}

@misc{reference4,
  author = {JavaTpoint},
  howpublished = {\href{https://www.javatpoint.com/javascript-math}{Math functions in Javascript}}
}

@misc{reference5,
  author = {JavaTpoint},
  howpublished = {\href{https://www.javatpoint.com/javascript-setattribute}{Setting attributes from .js file}}
}

@misc{reference6,
  author = {JavaTpoint},
  howpublished = {\href{https://www.javatpoint.com/javascript-settimeout-method}{Setting attributes from .js file}}
}

@misc{reference7,
  author = {JavaTpoint},
  howpublished = {\href{https://www.javatpoint.com/how-to-create-dropdown-list-using-javascript}{Making dropdown lists}}
}

@misc{key,
  author       = {Stack Overflow}
}


@misc{reference,
  author       = {ChatGPT}
}